<?xml version="1.0" encoding="UTF-8"?><collection><record><leader>04743ntm a2200649 a 4500</leader><controlfield tag="001">006825715</controlfield><controlfield tag="003">MiAaHDL</controlfield><controlfield tag="005">20190719000000.0</controlfield><controlfield tag="006">m        d        </controlfield><controlfield tag="007">cr bn ---auaua</controlfield><controlfield tag="008">090626s193u    xx            00| ||ara d</controlfield><datafield tag="035" ind1=" " ind2=" "><subfield code="a">(MiU)006825715</subfield></datafield><datafield tag="035" ind1=" " ind2=" "><subfield code="a">sdr-miu006825715</subfield></datafield><datafield tag="040" ind1=" " ind2=" "><subfield code="a">MiU</subfield><subfield code="c">MiU</subfield><subfield code="e">amremm</subfield></datafield><datafield tag="043" ind1=" " ind2=" "><subfield code="a">n-us-mi</subfield></datafield><datafield tag="245" ind1="0" ind2="3"><subfield code="6">880-03</subfield><subfield code="a">[al-Taʻlīm al-intiqādī ... etc.,</subfield><subfield code="f">193-?].</subfield></datafield><datafield tag="246" ind1="3" ind2="8"><subfield code="a">تعليم الانتقادي</subfield></datafield><datafield tag="260" ind1=" " ind2=" "><subfield code="c">[193-?].</subfield></datafield><datafield tag="300" ind1=" " ind2=" "><subfield code="a">86 leaves :</subfield><subfield code="b">paper ;</subfield><subfield code="c">312 x 210 mm. bound to 321 x 217 mm.</subfield></datafield><datafield tag="500" ind1=" " ind2=" "><subfield code="a">Shelfmark: Ann Arbor, University of Michigan, Special Collections Library, Isl. Ms. 930</subfield></datafield><datafield tag="500" ind1=" " ind2=" "><subfield code="a">Origin: Lacks dated colophon ; likely copied in Egypt in the late 1930s and bound for James Heyworth-Dunne (d.1974).</subfield></datafield><datafield tag="500" ind1=" " ind2=" "><subfield code="a">Former shelfmark: Mich. Isl. Ms. temp. no. 79</subfield></datafield><datafield tag="500" ind1=" " ind2=" "><subfield code="a">Binding: Boards covered in dark green cloth with dark green leather over spine (quarter binding) ; pastedowns and flyleaves in wove paper printed with a floral vegetal pattern in green ; spine gold-stamped with title and decorative accents over raised bands "التعليم الانتقادي | J.H.D." ; sewing difficult to examine ; stuck-on endbands (blue and white stripe) ; overall in fairly good condition.</subfield></datafield><datafield tag="500" ind1=" " ind2=" "><subfield code="a">Support: Ruled / lined wove paper of two types.</subfield></datafield><datafield tag="500" ind1=" " ind2=" "><subfield code="a">Script: Ruqʻah ; quick, compact hand in a thin to medium line (line thickness changes) ; serifless and freely ligatured with mainly closed counters, slight effect of inclination to the left and of words descending to baseline, pointing somewhat careless and in strokes rather than distinct dots, final yāʼ usually unpointed.</subfield></datafield><datafield tag="500" ind1=" " ind2=" "><subfield code="a">Layout: Written mainly in 26-29 lines per page.</subfield></datafield><datafield tag="500" ind1=" " ind2=" "><subfield code="a">Collation: Pagination in pencil, Western numerals, supplied during digitization.</subfield></datafield><datafield tag="500" ind1=" " ind2=" "><subfield code="a">Explicit: "لا يقال فيه ان لا يسع نفسه ... والله يقول الحق وهو يهدي السبيل"</subfield></datafield><datafield tag="500" ind1=" " ind2=" "><subfield code="a">Incipit: "ان القضية التي تضمنت المسائل العظام المنطوية تحت نظرية العلم والتي لمست اساس الحضور والحقيقة وعرضت نفسها على كنت من جديد بوسيلة قراءته ..."</subfield></datafield><datafield tag="500" ind1=" " ind2=" "><subfield code="a">Title supplied by cataloguer from heading at opening on p.1.</subfield></datafield><datafield tag="500" ind1=" " ind2=" "><subfield code="a">Ms. codex.</subfield></datafield><datafield tag="505" ind1="0" ind2=" "><subfield code="a">2. p.29-p.171 : [extracts from Fuṣūṣ al-ḥikam with commentary] / Ibn al-ʻArabī.</subfield></datafield><datafield tag="505" ind1="0" ind2=" "><subfield code="a">1. p.1-p.28 : [work on the philosophy of Immanuel Kant opening with "al-Taʻlīm al-intiqādī"].</subfield></datafield><datafield tag="510" ind1="4" ind2=" "><subfield code="a">Brockelmann, C. GAL,</subfield><subfield code="c">I 441 ff.</subfield></datafield><datafield tag="520" ind1="8" ind2=" "><subfield code="a">Careful copy of a work on the philosophy of Immanuel Kant (1724-1804) addressing education, ethics, practical reason, history, etc. followed by what appears to be extracts from Ibn ʻArabī's (d.1240) Fuṣūṣ al-ḥikam with commentary (anonymous and presumably that of ʻAbd al-Razzāq al-Qāshānī, d.1330?, see p.98).</subfield></datafield><datafield tag="538" ind1=" " ind2=" "><subfield code="a">Mode of access: Internet.</subfield></datafield><datafield tag="541" ind1=" " ind2=" "><subfield code="a">Acquired in the Fall of 1950.</subfield></datafield><datafield tag="546" ind1=" " ind2=" "><subfield code="a">Arabic.</subfield></datafield><datafield tag="561" ind1=" " ind2=" "><subfield code="a">On upper pastedown label with ex libris of James Heyworth-Dunne (d.1974), stamped with inventory number, "Ex Libris | J. Heyworth-Dunne | D. Lit. (London) | No 7971" ; UM Library inscription on 'title page' (p.1) "Dunning Fd | Heyworth-Dunne | 6-11-51 | 71955" ; possible former inventory mark in pencil on verso of final leaf (p.172) "231 / 53" ; marginal glosses.</subfield></datafield><datafield tag="600" ind1="0" ind2="0"><subfield code="a">Ibn al-ʻArabī,</subfield><subfield code="d">1165-1240.</subfield><subfield code="t">Fuṣūṣ al-ḥikam.</subfield></datafield><datafield tag="600" ind1="1" ind2="0"><subfield code="a">Kant, Immanuel,</subfield><subfield code="d">1724-1804.</subfield></datafield><datafield tag="650" ind1=" " ind2="0"><subfield code="a">Manuscripts, Arabic</subfield><subfield code="z">Michigan</subfield><subfield code="z">Ann Arbor.</subfield></datafield><datafield tag="650" ind1=" " ind2="0"><subfield code="a">Metaphysics</subfield><subfield code="v">Early works to 1800.</subfield></datafield><datafield tag="650" ind1=" " ind2="0"><subfield code="a">Sufism</subfield><subfield code="x">Doctrines</subfield><subfield code="v">Early works to 1800.</subfield></datafield><datafield tag="650" ind1=" " ind2="0"><subfield code="a">Islamic philosophy</subfield><subfield code="v">Early works to 1800.</subfield></datafield><datafield tag="650" ind1=" " ind2="0"><subfield code="a">Practical reason.</subfield></datafield><datafield tag="650" ind1=" " ind2="0"><subfield code="a">Ethics.</subfield></datafield><datafield tag="650" ind1=" " ind2="0"><subfield code="a">Education</subfield><subfield code="x">Philosophy.</subfield></datafield><datafield tag="700" ind1="0" ind2="2"><subfield code="6">880-08</subfield><subfield code="a">ʻAbd al-Razzāq al-Qāshānī,</subfield><subfield code="d">-1330?</subfield><subfield code="t">Sharḥ Fuṣūṣ al-ḥikam.</subfield></datafield><datafield tag="700" ind1="0" ind2="2"><subfield code="6">880-07</subfield><subfield code="a">Ibn al-ʻArabī,</subfield><subfield code="d">1165-1240.</subfield><subfield code="t">Fuṣūṣ al-ḥikam.</subfield><subfield code="k">Selections.</subfield></datafield><datafield tag="700" ind1="1" ind2=" "><subfield code="a">Heyworth-Dunne, J.</subfield><subfield code="q">(James),</subfield><subfield code="e">former owner.</subfield></datafield><datafield tag="740" ind1="0" ind2="2"><subfield code="6">880-09</subfield><subfield code="a">Min Sharḥ al-Kāshānī ʻalá al-Fuṣūṣ li-Ibn ʻArabī</subfield></datafield><datafield tag="773" ind1="0" ind2=" "><subfield code="a">Heyworth-Dunne Collection.</subfield></datafield><datafield tag="880" ind1="0" ind2="2"><subfield code="6">740-09/</subfield><subfield code="a">من شرح الكاشاني على الفصوص لابن عربي</subfield></datafield><datafield tag="880" ind1="0" ind2="2"><subfield code="6">700-08/</subfield><subfield code="a">عبد الرزاق القاشاني.</subfield><subfield code="t">شرح فصوص الحكم.</subfield></datafield><datafield tag="880" ind1="0" ind2="2"><subfield code="6">700-07/</subfield><subfield code="a">ابن العربي.</subfield><subfield code="t">فصوص الحكم.</subfield><subfield code="k">مختارات.</subfield></datafield><datafield tag="880" ind1="0" ind2="2"><subfield code="6">245-03/</subfield><subfield code="a">[التعليم الانتقادي ... الخ,</subfield><subfield code="f">193-م?].</subfield></datafield><datafield tag="CID" ind1=" " ind2=" "><subfield code="a">006825715</subfield></datafield><datafield tag="DAT" ind1="0" ind2=" "><subfield code="a">20190719102640.0</subfield><subfield code="b">20190719000000.0</subfield></datafield><datafield tag="DAT" ind1="1" ind2=" "><subfield code="a">20190719090653.0</subfield><subfield code="b">2019-07-19T16:11:04Z</subfield></datafield><datafield tag="DAT" ind1="2" ind2=" "><subfield code="a">2015-10-02T18:00:03Z</subfield></datafield><datafield tag="CAT" ind1=" " ind2=" "><subfield code="a">SDR-MIU</subfield><subfield code="d">EX LIBRIS - ALEPH</subfield><subfield code="l">prepare.pl-004-008</subfield></datafield><datafield tag="FMT" ind1=" " ind2=" "><subfield code="a">BK</subfield></datafield><datafield tag="HOL" ind1=" " ind2=" "><subfield code="0">sdr-miu006825715</subfield><subfield code="a">MiU</subfield><subfield code="b">SDR</subfield><subfield code="c">MIU</subfield><subfield code="p">mdp.39015079131119</subfield><subfield code="s">MIU</subfield><subfield code="1">006825715</subfield></datafield><datafield tag="974" ind1=" " ind2=" "><subfield code="b">MIU</subfield><subfield code="c">MIU</subfield><subfield code="d">20190719</subfield><subfield code="s">lit-dlps-dc</subfield><subfield code="u">mdp.39015079131119</subfield><subfield code="y">1939</subfield><subfield code="r">ic-world</subfield><subfield code="q">man</subfield></datafield></record></collection>